%YAML 1.1
%TAG !u! tag:unity3d.com,2011:
--- !u!1 &8674284498736426990
GameObject:
  m_ObjectHideFlags: 0
  m_CorrespondingSourceObject: {fileID: 0}
  m_PrefabInstance: {fileID: 0}
  m_PrefabAsset: {fileID: 0}
  serializedVersion: 6
  m_Component:
  - component: {fileID: 8674284498736365082}
  - component: {fileID: 8674284498737669512}
  - component: {fileID: 8674284498738657118}
  m_Layer: 2
  m_Name: Jel
  m_TagString: Weapon
  m_Icon: {fileID: 0}
  m_NavMeshLayer: 0
  m_StaticEditorFlags: 0
  m_IsActive: 0
--- !u!4 &8674284498736365082
Transform:
  m_ObjectHideFlags: 0
  m_CorrespondingSourceObject: {fileID: 0}
  m_PrefabInstance: {fileID: 0}
  m_PrefabAsset: {fileID: 0}
  m_GameObject: {fileID: 8674284498736426990}
  m_LocalRotation: {x: 0.9095224, y: -0, z: -0, w: 0.41565484}
  m_LocalPosition: {x: 0, y: 0, z: 0}
  m_LocalScale: {x: 1, y: 1, z: 1}
  m_Children: []
  m_Father: {fileID: 8674284498736252012}
  m_RootOrder: 1
  m_LocalEulerAnglesHint: {x: 130.879, y: 0, z: 0}
--- !u!33 &8674284498737669512
MeshFilter:
  m_ObjectHideFlags: 0
  m_CorrespondingSourceObject: {fileID: 0}
  m_PrefabInstance: {fileID: 0}
  m_PrefabAsset: {fileID: 0}
  m_GameObject: {fileID: 8674284498736426990}
  m_Mesh: {fileID: 4300002, guid: 4fed2d032e065c249aa5dde7175f5e9f, type: 3}
--- !u!23 &8674284498738657118
MeshRenderer:
  m_ObjectHideFlags: 0
  m_CorrespondingSourceObject: {fileID: 0}
  m_PrefabInstance: {fileID: 0}
  m_PrefabAsset: {fileID: 0}
  m_GameObject: {fileID: 8674284498736426990}
  m_Enabled: 1
  m_CastShadows: 1
  m_ReceiveShadows: 1
  m_DynamicOccludee: 1
  m_MotionVectors: 1
  m_LightProbeUsage: 1
  m_ReflectionProbeUsage: 1
  m_RayTracingMode: 2
  m_RayTraceProcedural: 0
  m_RenderingLayerMask: 1
  m_RendererPriority: 0
  m_Materials:
  - {fileID: 2100000, guid: 86b9be6fc7905f447979c4292830ad75, type: 2}
  - {fileID: 2100000, guid: 86b9be6fc7905f447979c4292830ad75, type: 2}
  m_StaticBatchInfo:
    firstSubMesh: 0
    subMeshCount: 0
  m_StaticBatchRoot: {fileID: 0}
  m_ProbeAnchor: {fileID: 0}
  m_LightProbeVolumeOverride: {fileID: 0}
  m_ScaleInLightmap: 1
  m_ReceiveGI: 1
  m_PreserveUVs: 0
  m_IgnoreNormalsForChartDetection: 0
  m_ImportantGI: 0
  m_StitchLightmapSeams: 0
  m_SelectedEditorRenderState: 3
  m_MinimumChartSize: 4
  m_AutoUVMaxDistance: 0.5
  m_AutoUVMaxAngle: 89
  m_LightmapParameters: {fileID: 0}
  m_SortingLayerID: 0
  m_SortingLayer: 0
  m_SortingOrder: 0
  m_AdditionalVertexStreams: {fileID: 0}
--- !u!1 &8674284498736541198
GameObject:
  m_ObjectHideFlags: 0
  m_CorrespondingSourceObject: {fileID: 0}
  m_PrefabInstance: {fileID: 0}
  m_PrefabAsset: {fileID: 0}
  serializedVersion: 6
  m_Component:
  - component: {fileID: 8674284498736350178}
  - component: {fileID: 8674284498734453738}
  - component: {fileID: 8674284498729551136}
  m_Layer: 2
  m_Name: hitBox
  m_TagString: Weapon
  m_Icon: {fileID: 0}
  m_NavMeshLayer: 0
  m_StaticEditorFlags: 0
  m_IsActive: 0
--- !u!4 &8674284498736350178
Transform:
  m_ObjectHideFlags: 0
  m_CorrespondingSourceObject: {fileID: 0}
  m_PrefabInstance: {fileID: 0}
  m_PrefabAsset: {fileID: 0}
  m_GameObject: {fileID: 8674284498736541198}
  m_LocalRotation: {x: -0, y: -0, z: -0, w: 1}
  m_LocalPosition: {x: 0, y: 0, z: 0.484}
  m_LocalScale: {x: 0.17935738, y: 0.08812324, z: 1.2160095}
  m_Children: []
  m_Father: {fileID: 8674284498736252012}
  m_RootOrder: 0
  m_LocalEulerAnglesHint: {x: 0, y: 0, z: 0}
--- !u!65 &8674284498734453738
BoxCollider:
  m_ObjectHideFlags: 0
  m_CorrespondingSourceObject: {fileID: 0}
  m_PrefabInstance: {fileID: 0}
  m_PrefabAsset: {fileID: 0}
  m_GameObject: {fileID: 8674284498736541198}
  m_Material: {fileID: 0}
  m_IsTrigger: 0
  m_Enabled: 1
  serializedVersion: 2
  m_Size: {x: 1, y: 1, z: 1}
  m_Center: {x: 0, y: 0, z: 0}
--- !u!114 &8674284498729551136
MonoBehaviour:
  m_ObjectHideFlags: 0
  m_CorrespondingSourceObject: {fileID: 0}
  m_PrefabInstance: {fileID: 0}
  m_PrefabAsset: {fileID: 0}
  m_GameObject: {fileID: 8674284498736541198}
  m_Enabled: 1
  m_EditorHideFlags: 0
  m_Script: {fileID: 11500000, guid: fb97f58541b05b24ab37661346298ff2, type: 3}
  m_Name: 
  m_EditorClassIdentifier: 
  openCloseEvents: 0
  openCloseWindow: 0
  selectedToolbar: 0
  attackObject: {fileID: 0}
  trigger: {fileID: 8674284498734453738}
  damagePercentage: 100
  triggerType: -1
--- !u!1 &8674284498736622546
GameObject:
  m_ObjectHideFlags: 0
  m_CorrespondingSourceObject: {fileID: 0}
  m_PrefabInstance: {fileID: 0}
  m_PrefabAsset: {fileID: 0}
  serializedVersion: 6
  m_Component:
  - component: {fileID: 8674284498736271906}
  - component: {fileID: 8674284498729561084}
  - component: {fileID: 8674284498729507012}
  - component: {fileID: 8674284498729443640}
  - component: {fileID: 8674284498731326948}
  - component: {fileID: 8674284498734461512}
  - component: {fileID: 8788525640461023238}
  m_Layer: 1
  m_Name: MaskCollectable
  m_TagString: Weapon
  m_Icon: {fileID: 0}
  m_NavMeshLayer: 0
  m_StaticEditorFlags: 0
  m_IsActive: 1
--- !u!4 &8674284498736271906
Transform:
  m_ObjectHideFlags: 0
  m_CorrespondingSourceObject: {fileID: 0}
  m_PrefabInstance: {fileID: 0}
  m_PrefabAsset: {fileID: 0}
  m_GameObject: {fileID: 8674284498736622546}
  m_LocalRotation: {x: 0, y: 0, z: 0, w: 1}
  m_LocalPosition: {x: 4.396, y: 0.144, z: 0.6261825}
  m_LocalScale: {x: 1, y: 1, z: 1}
  m_Children:
  - {fileID: 8674284498736252012}
  - {fileID: 8674284498714137012}
  - {fileID: 8674284498736374612}
  m_Father: {fileID: 0}
  m_RootOrder: 0
  m_LocalEulerAnglesHint: {x: 0, y: 0, z: 0}
--- !u!114 &8674284498729561084
MonoBehaviour:
  m_ObjectHideFlags: 0
  m_CorrespondingSourceObject: {fileID: 0}
  m_PrefabInstance: {fileID: 0}
  m_PrefabAsset: {fileID: 0}
  m_GameObject: {fileID: 8674284498736622546}
  m_Enabled: 1
  m_EditorHideFlags: 0
  m_Script: {fileID: 11500000, guid: 19c789670a80b704eba4dfebed94a111, type: 3}
  m_Name: 
  m_EditorClassIdentifier: 
  header: COMMENT
  comment: 'Remember: Keep the mesh poiting FORWARD (blue arrow) and the blade pointing
    RIGHT (red arrow)


    The character will hold this weapon based on the PIVOT
    of this object.'
  inEdit: 0
--- !u!114 &8674284498729507012
MonoBehaviour:
  m_ObjectHideFlags: 0
  m_CorrespondingSourceObject: {fileID: 0}
  m_PrefabInstance: {fileID: 0}
  m_PrefabAsset: {fileID: 0}
  m_GameObject: {fileID: 8674284498736622546}
  m_Enabled: 1
  m_EditorHideFlags: 0
  m_Script: {fileID: 11500000, guid: 0ebe2ea9c9ea0544d84d9c27f7470915, type: 3}
  m_Name: 
  m_EditorClassIdentifier: 
  openCloseEvents: 0
  openCloseWindow: 0
  selectedToolbar: 0
  damage:
    damageValue: 15
    staminaBlockCost: 20
    staminaRecoveryDelay: 1
    ignoreDefense: 0
    activeRagdoll: 0
    sender: {fileID: 0}
    receiver: {fileID: 0}
    hitPosition: {x: 0, y: 0, z: 0}
    hitReaction: 1
    recoil_id: 0
    reaction_id: 0
    damageType: 
  overrideDamageSender: {fileID: 0}
  hitBoxes:
  - {fileID: 8674284498729551136}
  damageModifier: 0
  canApplyDamage: 0
  onDamageHit:
    m_PersistentCalls:
      m_Calls: []
  onRecoilHit:
    m_PersistentCalls:
      m_Calls: []
  onEnableDamage:
    m_PersistentCalls:
      m_Calls: []
  onDisableDamage:
    m_PersistentCalls:
      m_Calls: []
  meleeManager: {fileID: 0}
  meleeType: 2
  useStrongAttack: 1
  distanceToAttack: 1
  attackID: 1
  movesetID: 2
  staminaCost: 20
  staminaRecoveryDelay: 1
  defenseRate: 85
  defenseRange: 70
  defenseID: 1
  recoilID: 1
  breakAttack: 0
  onDefense:
    m_PersistentCalls:
      m_Calls: []
--- !u!114 &8674284498729443640
MonoBehaviour:
  m_ObjectHideFlags: 0
  m_CorrespondingSourceObject: {fileID: 0}
  m_PrefabInstance: {fileID: 0}
  m_PrefabAsset: {fileID: 0}
  m_GameObject: {fileID: 8674284498736622546}
  m_Enabled: 1
  m_EditorHideFlags: 0
  m_Script: {fileID: 11500000, guid: 00cc2b820c1fe174082aa779f79cb540, type: 3}
  m_Name: 
  m_EditorClassIdentifier: 
  openCloseEvents: 0
  openCloseWindow: 0
  selectedToolbar: 0
  audioSource: {fileID: 106114, guid: dfea19d1d34dd174d87195f78cb44ae7, type: 3}
  hitSounds:
  - {fileID: 8300000, guid: 5bf68d15022c6834183817afb427ac52, type: 3}
  - {fileID: 8300000, guid: eb1a767b35496c84db41ea55405f03b3, type: 3}
  - {fileID: 8300000, guid: 9dd2d71c0c95f9d46aa813a5ea65619d, type: 3}
  recoilSounds:
  - {fileID: 8300000, guid: f0dad368bc2d5944ca75a821ad024ce2, type: 3}
  - {fileID: 8300000, guid: 3bc8b33abc1b51d4badb229b61e36e33, type: 3}
  - {fileID: 8300000, guid: bfa1063bd08a3d54595a731677875059, type: 3}
  recoilParticles:
  - {fileID: 110090, guid: 04dd09560119f3c48ba23669eb660db1, type: 3}
  defSounds:
  - {fileID: 8300000, guid: f0dad368bc2d5944ca75a821ad024ce2, type: 3}
  - {fileID: 8300000, guid: 3bc8b33abc1b51d4badb229b61e36e33, type: 3}
  - {fileID: 8300000, guid: bfa1063bd08a3d54595a731677875059, type: 3}
--- !u!54 &8674284498731326948
Rigidbody:
  m_ObjectHideFlags: 0
  m_CorrespondingSourceObject: {fileID: 0}
  m_PrefabInstance: {fileID: 0}
  m_PrefabAsset: {fileID: 0}
  m_GameObject: {fileID: 8674284498736622546}
  serializedVersion: 2
  m_Mass: 1
  m_Drag: 0
  m_AngularDrag: 0.05
  m_UseGravity: 1
  m_IsKinematic: 0
  m_Interpolate: 0
  m_Constraints: 0
  m_CollisionDetection: 3
--- !u!65 &8674284498734461512
BoxCollider:
  m_ObjectHideFlags: 0
  m_CorrespondingSourceObject: {fileID: 0}
  m_PrefabInstance: {fileID: 0}
  m_PrefabAsset: {fileID: 0}
  m_GameObject: {fileID: 8674284498736622546}
  m_Material: {fileID: 13400000, guid: a083ab9b7ed1d6e4384574d90a4d84fe, type: 2}
  m_IsTrigger: 0
  m_Enabled: 1
  serializedVersion: 2
  m_Size: {x: 0.18, y: 0.12, z: 1.2}
  m_Center: {x: 0, y: 0, z: 0.49}
--- !u!114 &8788525640461023238
MonoBehaviour:
  m_ObjectHideFlags: 0
  m_CorrespondingSourceObject: {fileID: 0}
  m_PrefabInstance: {fileID: 0}
  m_PrefabAsset: {fileID: 0}
  m_GameObject: {fileID: 8674284498736622546}
  m_Enabled: 1
  m_EditorHideFlags: 0
  m_Script: {fileID: 11500000, guid: 2ec807b121fb8d94e8a2c5d76766cdc4, type: 3}
  m_Name: 
  m_EditorClassIdentifier: 
  openCloseEvents: 0
  openCloseWindow: 0
  selectedToolbar: 0
--- !u!1 &8674284498736624458
GameObject:
  m_ObjectHideFlags: 0
  m_CorrespondingSourceObject: {fileID: 0}
  m_PrefabInstance: {fileID: 0}
  m_PrefabAsset: {fileID: 0}
  serializedVersion: 6
  m_Component:
  - component: {fileID: 8674284498736252012}
  m_Layer: 2
  m_Name: Components
  m_TagString: Weapon
  m_Icon: {fileID: 0}
  m_NavMeshLayer: 0
  m_StaticEditorFlags: 0
  m_IsActive: 1
--- !u!4 &8674284498736252012
Transform:
  m_ObjectHideFlags: 0
  m_CorrespondingSourceObject: {fileID: 0}
  m_PrefabInstance: {fileID: 0}
  m_PrefabAsset: {fileID: 0}
  m_GameObject: {fileID: 8674284498736624458}
  m_LocalRotation: {x: 0, y: 0, z: 0, w: 1}
  m_LocalPosition: {x: 0, y: 0, z: 0}
  m_LocalScale: {x: 1, y: 1, z: 1}
  m_Children:
  - {fileID: 8674284498736350178}
  - {fileID: 8674284498736365082}
  - {fileID: 9217609180578740811}
  - {fileID: 3934621344169400530}
  m_Father: {fileID: 8674284498736271906}
  m_RootOrder: 0
  m_LocalEulerAnglesHint: {x: 0, y: 0, z: 0}
--- !u!1 &8674284498736630678
GameObject:
  m_ObjectHideFlags: 0
  m_CorrespondingSourceObject: {fileID: 0}
  m_PrefabInstance: {fileID: 0}
  m_PrefabAsset: {fileID: 0}
  serializedVersion: 6
  m_Component:
  - component: {fileID: 8674284498736374612}
  - component: {fileID: 8674284498723220468}
  - component: {fileID: 8674284498729453390}
  m_Layer: 13
  m_Name: CollectableStandalone
  m_TagString: Action
  m_Icon: {fileID: 0}
  m_NavMeshLayer: 0
  m_StaticEditorFlags: 0
  m_IsActive: 1
--- !u!4 &8674284498736374612
Transform:
  m_ObjectHideFlags: 0
  m_CorrespondingSourceObject: {fileID: 0}
  m_PrefabInstance: {fileID: 0}
  m_PrefabAsset: {fileID: 0}
  m_GameObject: {fileID: 8674284498736630678}
  m_LocalRotation: {x: 0, y: 0, z: 0, w: 1}
  m_LocalPosition: {x: 0, y: 0, z: 0}
  m_LocalScale: {x: 1, y: 1, z: 1}
  m_Children: []
  m_Father: {fileID: 8674284498736271906}
  m_RootOrder: 2
  m_LocalEulerAnglesHint: {x: 0, y: 0, z: 0}
--- !u!135 &8674284498723220468
SphereCollider:
  m_ObjectHideFlags: 0
  m_CorrespondingSourceObject: {fileID: 0}
  m_PrefabInstance: {fileID: 0}
  m_PrefabAsset: {fileID: 0}
  m_GameObject: {fileID: 8674284498736630678}
  m_Material: {fileID: 0}
  m_IsTrigger: 1
  m_Enabled: 1
  serializedVersion: 2
  m_Radius: 0.5
  m_Center: {x: 0, y: 0, z: 0}
--- !u!114 &8674284498729453390
MonoBehaviour:
  m_ObjectHideFlags: 0
  m_CorrespondingSourceObject: {fileID: 0}
  m_PrefabInstance: {fileID: 0}
  m_PrefabAsset: {fileID: 0}
  m_GameObject: {fileID: 8674284498736630678}
  m_Enabled: 1
  m_EditorHideFlags: 0
  m_Script: {fileID: 11500000, guid: 0b164d939286a4b429909f275c09452d, type: 3}
  m_Name: 
  m_EditorClassIdentifier: 
  openCloseEvents: 1
  openCloseWindow: 0
  selectedToolbar: 3
  actionInput:
    useInput: 1
    isAxisInUse: 0
    keyboard: E
    keyboardAxis: 0
    joystick: A
    joystickAxis: 0
    mobile: A
    mobileAxis: 0
    joystickAxisInvert: 0
    keyboardAxisInvert: 0
    mobileAxisInvert: 0
    buttomTimer: 0
    inButtomTimer: 0
  inputType: 0
  buttonTimer: 3
  inputDelay: 0.1
  doActionWhilePressingButton: 1
  doubleButtomTime: 0.25
  actionTag: Action
  disableOnStart: 0
  disableCollision: 0
  disableGravity: 0
  activeFromForward: 0
  useTriggerRotation: 0
  destroyAfter: 0
  destroyDelay: 0
  customCameraState: Default
  playAnimation: 
  endExitTimeAnimation: 0.8
  animatorActionState: 0
  resetAnimatorActionState: 1
  avatarTarget: 0
  matchPos: {x: 0, y: 0, z: 0}
  matchRot: 0
  matchTarget: {fileID: 0}
  startMatchTarget: 0
  endMatchTarget: 0
  onPressActionDelay: 0
  OnPressActionInput:
    m_PersistentCalls:
      m_Calls: []
  onPressActionInputWithTarget:
    m_PersistentCalls:
      m_Calls: []
  OnCancelActionInput:
    m_PersistentCalls:
      m_Calls: []
  OnFinishActionInput:
    m_PersistentCalls:
      m_Calls: []
  OnUpdateButtonTimer:
    m_PersistentCalls:
      m_Calls: []
  OnStartAnimation:
    m_PersistentCalls:
      m_Calls: []
  OnEndAnimation:
    m_PersistentCalls:
      m_Calls: []
  OnPlayerEnter:
    m_PersistentCalls:
      m_Calls:
      - m_Target: {fileID: 8674284498736584796}
        m_TargetAssemblyTypeName: 
        m_MethodName: SetActive
        m_Mode: 6
        m_Arguments:
          m_ObjectArgument: {fileID: 0}
          m_ObjectArgumentAssemblyTypeName: UnityEngine.Object, UnityEngine
          m_IntArgument: 0
          m_FloatArgument: 0
          m_StringArgument: 
          m_BoolArgument: 1
        m_CallState: 2
  OnPlayerStay:
    m_PersistentCalls:
      m_Calls: []
  OnPlayerExit:
    m_PersistentCalls:
      m_Calls:
      - m_Target: {fileID: 8674284498736584796}
        m_TargetAssemblyTypeName: 
        m_MethodName: SetActive
        m_Mode: 6
        m_Arguments:
          m_ObjectArgument: {fileID: 0}
          m_ObjectArgumentAssemblyTypeName: UnityEngine.Object, UnityEngine
          m_IntArgument: 0
          m_FloatArgument: 0
          m_StringArgument: 
          m_BoolArgument: 0
        m_CallState: 2
  targetEquipPoint: meleeHandler
  weapon: {fileID: 8674284498736622546}
  weaponIcon: {fileID: 21300000, guid: b408b5f74ec46f44490a7fb293a1e723, type: 3}
  weaponText: 
  OnEquip:
    m_PersistentCalls:
      m_Calls:
      - m_Target: {fileID: 8674284498723220468}
        m_TargetAssemblyTypeName: 
        m_MethodName: set_enabled
        m_Mode: 6
        m_Arguments:
          m_ObjectArgument: {fileID: 0}
          m_ObjectArgumentAssemblyTypeName: UnityEngine.Object, UnityEngine
          m_IntArgument: 0
          m_FloatArgument: 0
          m_StringArgument: 
          m_BoolArgument: 0
        m_CallState: 2
      - m_Target: {fileID: 8674284498731326948}
        m_TargetAssemblyTypeName: 
        m_MethodName: set_isKinematic
        m_Mode: 6
        m_Arguments:
          m_ObjectArgument: {fileID: 0}
          m_ObjectArgumentAssemblyTypeName: UnityEngine.Object, UnityEngine
          m_IntArgument: 0
          m_FloatArgument: 0
          m_StringArgument: 
          m_BoolArgument: 1
        m_CallState: 2
      - m_Target: {fileID: 8674284498734461512}
        m_TargetAssemblyTypeName: 
        m_MethodName: set_enabled
        m_Mode: 6
        m_Arguments:
          m_ObjectArgument: {fileID: 0}
          m_ObjectArgumentAssemblyTypeName: UnityEngine.Object, UnityEngine
          m_IntArgument: 0
          m_FloatArgument: 0
          m_StringArgument: 
          m_BoolArgument: 0
        m_CallState: 2
      - m_Target: {fileID: 8674284498736584796}
        m_TargetAssemblyTypeName: 
        m_MethodName: SetActive
        m_Mode: 6
        m_Arguments:
          m_ObjectArgument: {fileID: 0}
          m_ObjectArgumentAssemblyTypeName: UnityEngine.Object, UnityEngine
          m_IntArgument: 0
          m_FloatArgument: 0
          m_StringArgument: 
          m_BoolArgument: 0
        m_CallState: 2
      - m_Target: {fileID: 8788525640461023238}
        m_TargetAssemblyTypeName: 
        m_MethodName: Inv_Weapon_FreezeAll
        m_Mode: 6
        m_Arguments:
          m_ObjectArgument: {fileID: 0}
          m_ObjectArgumentAssemblyTypeName: UnityEngine.Object, UnityEngine
          m_IntArgument: 0
          m_FloatArgument: 0
          m_StringArgument: 
          m_BoolArgument: 1
        m_CallState: 2
  OnDrop:
    m_PersistentCalls:
      m_Calls:
      - m_Target: {fileID: 8674284498723220468}
        m_TargetAssemblyTypeName: 
        m_MethodName: set_enabled
        m_Mode: 6
        m_Arguments:
          m_ObjectArgument: {fileID: 0}
          m_ObjectArgumentAssemblyTypeName: UnityEngine.Object, UnityEngine
          m_IntArgument: 0
          m_FloatArgument: 0
          m_StringArgument: 
          m_BoolArgument: 1
        m_CallState: 2
      - m_Target: {fileID: 8674284498731326948}
        m_TargetAssemblyTypeName: 
        m_MethodName: set_isKinematic
        m_Mode: 6
        m_Arguments:
          m_ObjectArgument: {fileID: 0}
          m_ObjectArgumentAssemblyTypeName: UnityEngine.Object, UnityEngine
          m_IntArgument: 0
          m_FloatArgument: 0
          m_StringArgument: 
          m_BoolArgument: 0
        m_CallState: 2
      - m_Target: {fileID: 8674284498734461512}
        m_TargetAssemblyTypeName: 
        m_MethodName: set_enabled
        m_Mode: 6
        m_Arguments:
          m_ObjectArgument: {fileID: 0}
          m_ObjectArgumentAssemblyTypeName: UnityEngine.Object, UnityEngine
          m_IntArgument: 0
          m_FloatArgument: 0
          m_StringArgument: 
          m_BoolArgument: 1
        m_CallState: 2
      - m_Target: {fileID: 8674284498736584796}
        m_TargetAssemblyTypeName: 
        m_MethodName: SetActive
        m_Mode: 6
        m_Arguments:
          m_ObjectArgument: {fileID: 0}
          m_ObjectArgumentAssemblyTypeName: UnityEngine.Object, UnityEngine
          m_IntArgument: 0
          m_FloatArgument: 0
          m_StringArgument: 
          m_BoolArgument: 1
        m_CallState: 2
      - m_Target: {fileID: 8788525640461023238}
        m_TargetAssemblyTypeName: 
        m_MethodName: Inv_Weapon_FreezeAll
        m_Mode: 6
        m_Arguments:
          m_ObjectArgument: {fileID: 0}
          m_ObjectArgumentAssemblyTypeName: UnityEngine.Object, UnityEngine
          m_IntArgument: 0
          m_FloatArgument: 0
          m_StringArgument: 
          m_BoolArgument: 0
        m_CallState: 2
--- !u!1001 &7908414122264567414
PrefabInstance:
  m_ObjectHideFlags: 0
  serializedVersion: 2
  m_Modification:
    m_TransformParent: {fileID: 8674284498736252012}
    m_Modifications:
    - target: {fileID: 5769411662395235358, guid: 410d2c55804929d48b532f8ed245df20,
        type: 3}
      propertyPath: m_Name
      value: Mask (1)
      objectReference: {fileID: 0}
    - target: {fileID: 6582787086026278564, guid: 410d2c55804929d48b532f8ed245df20,
        type: 3}
      propertyPath: m_LocalPosition.x
      value: -0.015
      objectReference: {fileID: 0}
    - target: {fileID: 6582787086026278564, guid: 410d2c55804929d48b532f8ed245df20,
        type: 3}
      propertyPath: m_LocalPosition.y
      value: 0.136
      objectReference: {fileID: 0}
    - target: {fileID: 6582787086026278564, guid: 410d2c55804929d48b532f8ed245df20,
        type: 3}
      propertyPath: m_LocalPosition.z
      value: 0.253
      objectReference: {fileID: 0}
    - target: {fileID: 6582787086026278564, guid: 410d2c55804929d48b532f8ed245df20,
        type: 3}
      propertyPath: m_LocalRotation.x
      value: 0.000000009892796
      objectReference: {fileID: 0}
    - target: {fileID: 6582787086026278564, guid: 410d2c55804929d48b532f8ed245df20,
        type: 3}
      propertyPath: m_LocalRotation.y
      value: -0.21075486
      objectReference: {fileID: 0}
    - target: {fileID: 6582787086026278564, guid: 410d2c55804929d48b532f8ed245df20,
        type: 3}
      propertyPath: m_LocalRotation.z
      value: 0.00000008472507
      objectReference: {fileID: 0}
    - target: {fileID: 6582787086026278564, guid: 410d2c55804929d48b532f8ed245df20,
        type: 3}
      propertyPath: m_LocalRotation.w
      value: -0.97753894
      objectReference: {fileID: 0}
    - target: {fileID: 6582787086026278564, guid: 410d2c55804929d48b532f8ed245df20,
        type: 3}
      propertyPath: m_RootOrder
      value: 3
      objectReference: {fileID: 0}
    - target: {fileID: 6582787086026278564, guid: 410d2c55804929d48b532f8ed245df20,
        type: 3}
      propertyPath: m_LocalEulerAnglesHint.x
      value: 0
      objectReference: {fileID: 0}
    - target: {fileID: 6582787086026278564, guid: 410d2c55804929d48b532f8ed245df20,
        type: 3}
      propertyPath: m_LocalEulerAnglesHint.y
      value: 24.333
      objectReference: {fileID: 0}
    - target: {fileID: 6582787086026278564, guid: 410d2c55804929d48b532f8ed245df20,
        type: 3}
      propertyPath: m_LocalEulerAnglesHint.z
      value: 0
      objectReference: {fileID: 0}
    - target: {fileID: 6582787086026278564, guid: 410d2c55804929d48b532f8ed245df20,
        type: 3}
      propertyPath: m_LocalScale.x
      value: 0.11134408
      objectReference: {fileID: 0}
    - target: {fileID: 6582787086026278564, guid: 410d2c55804929d48b532f8ed245df20,
        type: 3}
      propertyPath: m_LocalScale.y
      value: 0.111344084
      objectReference: {fileID: 0}
    - target: {fileID: 6582787086026278564, guid: 410d2c55804929d48b532f8ed245df20,
        type: 3}
      propertyPath: m_LocalScale.z
      value: 0.111344054
      objectReference: {fileID: 0}
    m_RemovedComponents: []
  m_SourcePrefab: {fileID: 100100000, guid: 410d2c55804929d48b532f8ed245df20, type: 3}
--- !u!4 &3934621344169400530 stripped
Transform:
  m_CorrespondingSourceObject: {fileID: 6582787086026278564, guid: 410d2c55804929d48b532f8ed245df20,
    type: 3}
  m_PrefabInstance: {fileID: 7908414122264567414}
  m_PrefabAsset: {fileID: 0}
--- !u!1001 &8270011133330078006
PrefabInstance:
  m_ObjectHideFlags: 0
  serializedVersion: 2
  m_Modification:
    m_TransformParent: {fileID: 8674284498736271906}
    m_Modifications:
    - target: {fileID: 767235383290300170, guid: d33133ec3e5dba647bf99d2c4c363aec,
        type: 3}
      propertyPath: m_AnchoredPosition.x
      value: 0.00064086914
      objectReference: {fileID: 0}
    - target: {fileID: 767235383290407042, guid: d33133ec3e5dba647bf99d2c4c363aec,
        type: 3}
      propertyPath: m_LocalPosition.x
      value: 0
      objectReference: {fileID: 0}
    - target: {fileID: 767235383290407042, guid: d33133ec3e5dba647bf99d2c4c363aec,
        type: 3}
      propertyPath: m_LocalPosition.y
      value: 0
      objectReference: {fileID: 0}
    - target: {fileID: 767235383290407042, guid: d33133ec3e5dba647bf99d2c4c363aec,
        type: 3}
      propertyPath: m_LocalPosition.z
      value: 0
      objectReference: {fileID: 0}
    - target: {fileID: 767235383290407042, guid: d33133ec3e5dba647bf99d2c4c363aec,
        type: 3}
      propertyPath: m_LocalRotation.x
      value: 0
      objectReference: {fileID: 0}
    - target: {fileID: 767235383290407042, guid: d33133ec3e5dba647bf99d2c4c363aec,
        type: 3}
      propertyPath: m_LocalRotation.y
      value: 0
      objectReference: {fileID: 0}
    - target: {fileID: 767235383290407042, guid: d33133ec3e5dba647bf99d2c4c363aec,
        type: 3}
      propertyPath: m_LocalRotation.z
      value: 0
      objectReference: {fileID: 0}
    - target: {fileID: 767235383290407042, guid: d33133ec3e5dba647bf99d2c4c363aec,
        type: 3}
      propertyPath: m_LocalRotation.w
      value: 1
      objectReference: {fileID: 0}
    - target: {fileID: 767235383290407042, guid: d33133ec3e5dba647bf99d2c4c363aec,
        type: 3}
      propertyPath: m_RootOrder
      value: 1
      objectReference: {fileID: 0}
    - target: {fileID: 767235383290407042, guid: d33133ec3e5dba647bf99d2c4c363aec,
        type: 3}
      propertyPath: m_LocalEulerAnglesHint.x
      value: 0
      objectReference: {fileID: 0}
    - target: {fileID: 767235383290407042, guid: d33133ec3e5dba647bf99d2c4c363aec,
        type: 3}
      propertyPath: m_LocalEulerAnglesHint.y
      value: 0
      objectReference: {fileID: 0}
    - target: {fileID: 767235383290407042, guid: d33133ec3e5dba647bf99d2c4c363aec,
        type: 3}
      propertyPath: m_LocalEulerAnglesHint.z
      value: 0
      objectReference: {fileID: 0}
    - target: {fileID: 767235383290407042, guid: d33133ec3e5dba647bf99d2c4c363aec,
        type: 3}
      propertyPath: m_AnchoredPosition.x
      value: 0
      objectReference: {fileID: 0}
    - target: {fileID: 767235383290407042, guid: d33133ec3e5dba647bf99d2c4c363aec,
        type: 3}
      propertyPath: m_AnchoredPosition.y
      value: 0.99869335
      objectReference: {fileID: 0}
    - target: {fileID: 767235383290407042, guid: d33133ec3e5dba647bf99d2c4c363aec,
        type: 3}
      propertyPath: m_SizeDelta.x
      value: 700
      objectReference: {fileID: 0}
    - target: {fileID: 767235383290407042, guid: d33133ec3e5dba647bf99d2c4c363aec,
        type: 3}
      propertyPath: m_SizeDelta.y
      value: 150
      objectReference: {fileID: 0}
    - target: {fileID: 767235383290407042, guid: d33133ec3e5dba647bf99d2c4c363aec,
        type: 3}
      propertyPath: m_AnchorMin.x
      value: 0
      objectReference: {fileID: 0}
    - target: {fileID: 767235383290407042, guid: d33133ec3e5dba647bf99d2c4c363aec,
        type: 3}
      propertyPath: m_AnchorMin.y
      value: 0
      objectReference: {fileID: 0}
    - target: {fileID: 767235383290407042, guid: d33133ec3e5dba647bf99d2c4c363aec,
        type: 3}
      propertyPath: m_AnchorMax.x
      value: 0
      objectReference: {fileID: 0}
    - target: {fileID: 767235383290407042, guid: d33133ec3e5dba647bf99d2c4c363aec,
        type: 3}
      propertyPath: m_AnchorMax.y
      value: 0
      objectReference: {fileID: 0}
    - target: {fileID: 767235383290407042, guid: d33133ec3e5dba647bf99d2c4c363aec,
        type: 3}
      propertyPath: m_Pivot.x
      value: 0.5
      objectReference: {fileID: 0}
    - target: {fileID: 767235383290407042, guid: d33133ec3e5dba647bf99d2c4c363aec,
        type: 3}
      propertyPath: m_Pivot.y
      value: 0.5
      objectReference: {fileID: 0}
    - target: {fileID: 767235383312589162, guid: d33133ec3e5dba647bf99d2c4c363aec,
        type: 3}
      propertyPath: m_Name
      value: vActionText_ExampleA (4)
      objectReference: {fileID: 0}
    m_RemovedComponents: []
  m_SourcePrefab: {fileID: 100100000, guid: d33133ec3e5dba647bf99d2c4c363aec, type: 3}
--- !u!1 &8674284498736584796 stripped
GameObject:
  m_CorrespondingSourceObject: {fileID: 767235383312589162, guid: d33133ec3e5dba647bf99d2c4c363aec,
    type: 3}
  m_PrefabInstance: {fileID: 8270011133330078006}
  m_PrefabAsset: {fileID: 0}
--- !u!224 &8674284498714137012 stripped
RectTransform:
  m_CorrespondingSourceObject: {fileID: 767235383290407042, guid: d33133ec3e5dba647bf99d2c4c363aec,
    type: 3}
  m_PrefabInstance: {fileID: 8270011133330078006}
  m_PrefabAsset: {fileID: 0}
--- !u!1001 &8674284498545483168
PrefabInstance:
  m_ObjectHideFlags: 0
  serializedVersion: 2
  m_Modification:
    m_TransformParent: {fileID: 8674284498736252012}
    m_Modifications:
    - target: {fileID: -8679921383154817045, guid: 2a77858c598f2b24caf8432ac8354a94,
        type: 3}
      propertyPath: m_LocalPosition.x
      value: 0.00000023841858
      objectReference: {fileID: 0}
    - target: {fileID: -8679921383154817045, guid: 2a77858c598f2b24caf8432ac8354a94,
        type: 3}
      propertyPath: m_LocalPosition.y
      value: -0.0055623
      objectReference: {fileID: 0}
    - target: {fileID: -8679921383154817045, guid: 2a77858c598f2b24caf8432ac8354a94,
        type: 3}
      propertyPath: m_LocalPosition.z
      value: 0.13887
      objectReference: {fileID: 0}
    - target: {fileID: -8679921383154817045, guid: 2a77858c598f2b24caf8432ac8354a94,
        type: 3}
      propertyPath: m_LocalRotation.x
      value: -0.025972417
      objectReference: {fileID: 0}
    - target: {fileID: -8679921383154817045, guid: 2a77858c598f2b24caf8432ac8354a94,
        type: 3}
      propertyPath: m_LocalRotation.y
      value: -0
      objectReference: {fileID: 0}
    - target: {fileID: -8679921383154817045, guid: 2a77858c598f2b24caf8432ac8354a94,
        type: 3}
      propertyPath: m_LocalRotation.z
      value: -0
      objectReference: {fileID: 0}
    - target: {fileID: -8679921383154817045, guid: 2a77858c598f2b24caf8432ac8354a94,
        type: 3}
      propertyPath: m_LocalRotation.w
      value: 0.99966264
      objectReference: {fileID: 0}
    - target: {fileID: -8679921383154817045, guid: 2a77858c598f2b24caf8432ac8354a94,
        type: 3}
      propertyPath: m_RootOrder
      value: 2
      objectReference: {fileID: 0}
    - target: {fileID: -8679921383154817045, guid: 2a77858c598f2b24caf8432ac8354a94,
        type: 3}
      propertyPath: m_LocalEulerAnglesHint.x
      value: -2.977
      objectReference: {fileID: 0}
    - target: {fileID: -8679921383154817045, guid: 2a77858c598f2b24caf8432ac8354a94,
        type: 3}
      propertyPath: m_LocalEulerAnglesHint.y
      value: 0
      objectReference: {fileID: 0}
    - target: {fileID: -8679921383154817045, guid: 2a77858c598f2b24caf8432ac8354a94,
        type: 3}
      propertyPath: m_LocalEulerAnglesHint.z
      value: 0
      objectReference: {fileID: 0}
    - target: {fileID: -8679921383154817045, guid: 2a77858c598f2b24caf8432ac8354a94,
        type: 3}
      propertyPath: m_LocalScale.x
      value: 0.48595926
      objectReference: {fileID: 0}
    - target: {fileID: -8679921383154817045, guid: 2a77858c598f2b24caf8432ac8354a94,
        type: 3}
      propertyPath: m_LocalScale.y
      value: 0.48595926
      objectReference: {fileID: 0}
    - target: {fileID: -8679921383154817045, guid: 2a77858c598f2b24caf8432ac8354a94,
        type: 3}
      propertyPath: m_LocalScale.z
      value: 0.48595926
      objectReference: {fileID: 0}
    - target: {fileID: 919132149155446097, guid: 2a77858c598f2b24caf8432ac8354a94,
        type: 3}
      propertyPath: m_Name
      value: Jel (1)
      objectReference: {fileID: 0}
    - target: {fileID: 919132149155446097, guid: 2a77858c598f2b24caf8432ac8354a94,
        type: 3}
      propertyPath: m_IsActive
      value: 0
      objectReference: {fileID: 0}
    m_RemovedComponents: []
  m_SourcePrefab: {fileID: 100100000, guid: 2a77858c598f2b24caf8432ac8354a94, type: 3}
--- !u!4 &9217609180578740811 stripped
Transform:
  m_CorrespondingSourceObject: {fileID: -8679921383154817045, guid: 2a77858c598f2b24caf8432ac8354a94,
    type: 3}
  m_PrefabInstance: {fileID: 8674284498545483168}
  m_PrefabAsset: {fileID: 0}
